@TechReport{UML,
  author = 	 {The Object Management Group (OMG)},
  title = 	 {Unified Modelling Language: Infrastructure, 2011. Version 2.4.1. OMG document: formal/2011-08-05},
  institution =  {{}},
  year = 	 {2011},
}

@TechReport{ALLOY,
  author = 	 {Software Design Group},
  title = 	 {about alloy},
  institution =  {{MIT}},
  year = 	 {1997},
  note = {\textsc{url}: \url{https://alloytools.org/about.html}},
}

@misc{ASSIGNMENT,
  author = 	 {Di Nitto Elisabetta},
  title = 	 {Mandatory Project: goal, schedule, and rules},
  institution =  {{Politecnico di Milano}},
  year = 	 {2019},
}
	
